<?xml version="1.0" encoding="UTF-8"?><record xmlns="http://www.loc.gov/MARC21/slim" xmlns:cinclude="http://apache.org/cocoon/include/1.0" xmlns:zs="http://www.loc.gov/zing/srw/">
  <leader>00747nz  a2200157n  4500</leader>
  <controlfield tag="001">no2006131128</controlfield>
  <controlfield tag="003">DLC</controlfield>
  <controlfield tag="005">20061209075126.0</controlfield>
  <controlfield tag="008">061207n| acannaabn          |n aaa     c</controlfield>
  <datafield tag="010" ind1=" " ind2=" ">
    <subfield code="a">no2006131128</subfield>
  </datafield>
  <datafield tag="035" ind1=" " ind2=" ">
    <subfield code="a">(OCoLC)oca07273612</subfield>
  </datafield>
  <datafield tag="040" ind1=" " ind2=" ">
    <subfield code="a">DNA</subfield>
    <subfield code="b">eng</subfield>
    <subfield code="c">DNA</subfield>
  </datafield>
  <datafield tag="100" ind1="1" ind2=" ">
    <subfield code="a">Davis, Waymond A.</subfield>
    <subfield code="q">(Waymond Austin),</subfield>
    <subfield code="d">1914-1998</subfield>
  </datafield>
  <datafield tag="670" ind1=" " ind2=" ">
    <subfield code="a">Mercury monument dedication, Cape Kennedy ..., 1964 Nov. 10:</subfield>
    <subfield code="b">(motion picture footage of monument dedication ceremony; scenes with Lt. Gen. Waymond A. Davis)</subfield>
  </datafield>
  <datafield tag="670" ind1=" " ind2=" ">
    <subfield code="a">WWA, 39th ed.:</subfield>
    <subfield code="b">(Waymond Austin Davis; b. 1914, Yantis, Tex.; air force officer)</subfield>
  </datafield>
  <datafield tag="670" ind1=" " ind2=" ">
    <subfield code="a">U.S. Air Force WWW site, Dec. 6, 2006:</subfield>
    <subfield code="b">biographies (Waymond Austin Davis; d. Mar. 9, 1998; apptd. vice commander, Air Force Systems Command, July 1964)</subfield>
  </datafield>
</record>